<?xml version="1.0" encoding="UTF-8"?><record xmlns="http://www.loc.gov/MARC21/slim" xmlns:cinclude="http://apache.org/cocoon/include/1.0" xmlns:zs="http://www.loc.gov/zing/srw/">
  <leader>00458nz  a2200157n  4500</leader>
  <controlfield tag="001">n  85129420 </controlfield>
  <controlfield tag="003">DLC</controlfield>
  <controlfield tag="005">19851011063024.5</controlfield>
  <controlfield tag="008">850903n| acannaab|          |a aaa |||  </controlfield>
  <datafield tag="010" ind1=" " ind2=" ">
    <subfield code="a">n  85129420 </subfield>
  </datafield>
  <datafield tag="040" ind1=" " ind2=" ">
    <subfield code="a">DLC</subfield>
    <subfield code="c">DLC</subfield>
  </datafield>
  <datafield tag="100" ind1="1" ind2="0">
    <subfield code="a">Stea, R. R.</subfield>
    <subfield code="q">(Ralph R.)</subfield>
  </datafield>
  <datafield tag="400" ind1="1" ind2="0">
    <subfield code="w">nna</subfield>
    <subfield code="a">Stea, Ralph</subfield>
  </datafield>
  <datafield tag="670" ind1=" " ind2=" ">
    <subfield code="a">His Bibliography of the surficial geology of N.S. and the offshore ... 1984:</subfield>
    <subfield code="b">t.p. (R.R. Stea)</subfield>
  </datafield>
  <datafield tag="670" ind1=" " ind2=" ">
    <subfield code="a">MLC</subfield>
    <subfield code="b">(hdg.: Stea, Ralph)</subfield>
  </datafield>
  <datafield tag="675" ind1=" " ind2=" ">
    <subfield code="a">NLC, 8-27-85.</subfield>
  </datafield>
</record>